@article{guha2016schema,
    title={Schema.org: evolution of structured data on the web},
    author={R Guha and Dan Brickley and Steve Macbeth},
    journal={Communications of the ACM},
    number=2,
    volume=59,
    pages={44-51},
    year={2016}
}
@article{guha2015schema,
  title={Schema. org: Evolution of structured data on the web},
  author={Guha, Ramanathan V and Brickley, Dan and MacBeth, Steve},
  journal={Queue},
  volume={13},
  number={9},
  pages={10},
  year={2015},
  publisher={ACM}
}
@article{ronallo2012html5,
  title={HTML5 Microdata and Schema. org},
  author={Ronallo, Jason},
  journal={Code4Lib Journal},
  volume={16},
  year={2012}
}
@inproceedings{gray2017bioschemas,
  title={Bioschemas: From Potato Salad to Protein Annotation.},
  author={Gray, Alasdair JG and Goble, Carole A and Jimenez, Rafael},
  booktitle={International Semantic Web Conference (Posters, Demos \& Industry Tracks)},
  year={2017}
}
@book{sikos2015mastering,
  title="{Mastering structured data on the Semantic Web: From HTML5 microdata to linked open data}",
  author={Sikos, Leslie},
  year={2015},
  publisher={Apress}
}
@article{sporny2014json,
  title="{JSON-LD 1.0}",
  author={Sporny, Manu and Longley, Dave and Kellogg, Gregg and Lanthaler, Markus and Lindstr{\"o}m, Niklas},
  journal={W3C Recommendation},
  volume={16},
  year={2014}
}
@misc{htmlMicrodata2018,
    title="{HTML Microdata W3C Working Draft}",
    author="{Chaals McCatchie Nevile and Dan Brickley}",
    note={Date Accessed: 27/10/18},
    howpublished={\url{https://www.w3.org/TR/microdata/}}}
}
@misc{googleStructured,
    title="{Introduction to Structured Data}",
    author={Google},
    note={Date Accessed: 15/10/18},
    howpublished={\url{https://developers.google.com/search/docs/guides/intro-structured-data}}}
  
}
@misc{w3RdfJsonLD,
    author="{Summit Purohit and Mark Harrison}",
    title="{RDF and JSON-LD UseCases}",
    note={Date accessed: 15/10/18},
    howpublished={\url{https://www.w3.org/2013/dwbp/wiki/RDF_AND_JSON-LD_UseCases}}}
}
@misc{merkleGenerator,
    author="{TechnicalSEO}",
    title="{Schema Markup Generator (JSON-LD)}",
    note={Date accessed: 15/10/18},
    howpublished={\url{https://technicalseo.com/seo-tools/schema-markup-generator/}}}
}
@misc{kaizenGenerator,
    author="{Pete Reis-Campbell}",
    title="{The ultimate template for structured data markup}",
    note={Date accessed: 15/10/18},
    howpublished={\url{https://www.kaizen.co.uk/blog/seo/the-ultimate-template-for-structured-data-markup/}}}
}
@misc{googleStructuredData,
    author={Google},
    title="{Structured Data Testing Tool}",
    note={Date Accessed: 15/10/2018},
    howpublished={\url{https://search.google.com/structured-data/testing-tool/u/0/}}}
}
@misc{schemaOrg,
    author={Schema.org},
    title="{About Schema.org}",
    note={Date Accessed: 15/10/2018},
    howpublished={\url{https://schema.org/docs/about.html}}}
}

@misc{microformasIntroduction,
    author="{Microformats.org}",
    title="{Revision history of "Main Page"}",
    note={Date Accessed: 27/10/2018},
    howpublished={\url{http://microformats.org/wiki/index.php?title=Main_Page&dir=prev&action=history}}
}
@misc{hcardMicroformat,
    author={Microformats.org},
    title={hCard 1.0},
    note={Date Accessed: 27/10/2018},
    howpublished={\url{http://microformats.org/wiki/hcard}}
}
@misc{hcalanderMicroformat,
    author="{Microformats.org}",
    title="{hCalender 1.0}",
    note={Date Accessed: 27/10/2018},
    howpublished={\url{http://microformats.org/wiki/hcalendar}}
}
@misc{commonCrawlWeb,
    author="{Common Crawl}",
    title="{Common Crawl}",
    note={Date Accessed: 27/10/2018},
    howpublished={\url{http://commoncrawl.org/}}
}
@misc{webDataCommons,
    author="{University of Mannheim}",
    title="{Web Data Commons}",
    note={Date Accessed: 27/10/2018},
    howpublished={\url{http://webdatacommons.org/}}
}
@misc{webDataCommons2014,
    author="{University of Mannheim}",
    title="{Web Data Commons - RDFa, Microdata, Embedded JSON-LD, and Microformats Data Sets - November 2014}",
    note={Date Accessed: 07/11/2018},
    howpublished={\url{http://webdatacommons.org/structureddata/2014-12/stats/stats.html}}
}
@misc{microformatsWiki,
    author={Microformats},
    title={Microformats Wiki},
    note={Date Accessed: 28/10/2018},
    howpublished={\url{http://microformats.org/wiki/Main_Page}}
}
@misc{microformatsIssues,
    author={Microformats},
    title="{Accepted Limitations Of Microformats}",
    note={Date Accessed: 1/11/2018},
    howpublished="\url{http://microformats.org/wiki/accepted-limitations-of-microformats}"
}
@misc{rdfaAll,
    author={W3C},
    title="{RDFa Current Status}",
    note={Date Accessed: 3/11/2018},
    howpublished={\url{https://www.w3.org/standards/techs/rdfa#w3c_all}}
}
@misc{schemaExtensions,
    author={Schema.org},
    title="{Organization of Schemas}",
    note={Date Accessed: 3/11/2018},
    howpublished={\url{https://schema.org/docs/schemas.html}}
}
@misc{bioschemasWebsite,
    author={Bioschemas.org},
    title="{What is Bioschemas?}",
    note={Date Accessed: 3/11/2018},
    howpublished={\url{https://bioschemas.org}}
}
@inproceedings{hansen2015validata,
  title={Validata: An Online Tool for Testing RDF Data Conformance.},
  author={Hansen, Jacob Baungard and Beveridge, Andrew and Farmer, Roisin and Gehrmann, Leif and Gray, Alasdair JG and Khutan, Sunil and Robertson, Tomas and Val, Johnny},
  booktitle={SWAT4LS},
  pages={157--166},
  year={2015}
}
@misc{blogGoogleData,
    author={Natasha Noy},
    title="{Making it easier to discover datasets}",
    note={Date Accessed: 20/11/2018},
    howpublished={\url{https://www.blog.google/products/search/making-it-easier-discover-datasets/}}
}
@misc{googleDataset,
    author={Google},
    title="{Dataset}",
    note={Date Accessed: 20/11/2018},
    howpublished={\url{https://developers.google.com/search/docs/data-types/dataset}}
}
@misc{googleDatasetBlog,
    author={Matthew Burgess and Natasha Noy},
    title="{Building Google Dataset Seach and FOestering an Open Data Ecosystem}",
    note={Date Accessed: 20/11/2018},
    howpublished={\url{https://ai.googleblog.com/2018/09/building-google-dataset-search-and.html}}
}
@misc{googleDatasetCMS,
    author={Erika Morphy},
    title="{What Is Google Dataset Search?}",
    note={Date Accessed: 20/11/2018},
    howpublished={\url{https://www.cmswire.com/big-data/what-is-google-dataset-search/}}
}

%rdfa versions
@article{sporny2015rdfa,
  title={RDFa Lite 1.1},
  author={Sporny, Maun and Herman, I and Pemberton, S},
  year={2015}
}
@misc{mccarron2013html+,
  title={HTML+ RDFa 1.1},
  author={McCarron, Shane and Adida, Ben and Birbeck, M and Gregg, K and Herman, I and Pemberton, S},
  year={2013}
}
@misc{adida2007rdfa,
  title={RDFa Core 1.1},
  author={Adida, Ben and Birbeck, Mark and McCarron, Shane and Herman, Ivan},
  year={2007}
}
@article{adida2008rdfa,
  title={RDFa in XHTML: Syntax and processing},
  author={Adida, Ben and Birbeck, Mark and McCarron, Shane and Pemberton, Steven},
  journal={Recommendation, W3C},
  volume={7},
  year={2008}
}

%adopption statics
@misc{webDataCommons2017,
    author="{University of Mannheim}",
    title="{Web Data Commons - RDFa, Microdata, Embedded JSON-LD, and Microformats Data Sets - November 2017}",
    note={Date Accessed: 27/10/2018},
    howpublished={\url{http://webdatacommons.org/structureddata/2017-12/stats/stats.html}}
}
@misc{webDataCommons2016,
    author="{University of Mannheim}",
    title="{Web Data Commons - RDFa, Microdata, Embedded JSON-LD, and Microformats Data Sets - October 2016}",
    note={Date Accessed: 27/10/2018},
    howpublished={\url{http://webdatacommons.org/structureddata/2016-10/stats/stats.html}}
}

%W3C 
@misc{w3cFAQ,
    author="{W3C}",
    title="{What does W3C do?}",
    note={Date Accessed: 07/02/2019},
    howpublished={\url{https://www.w3.org/Help/#activity}}
}

%Validata 
@misc{validataAG,
    author="{Alasdair J G Gray}",
    title="{Validata: An Online Tool For Testing RDF Data Conformance}",
    note={Date Accessed: 07/02/2019},
    howpublished={\url{http://www.macs.hw.ac.uk/~ajg33/validata-swat4ls/}}
}

@misc{schemaPerson,
    author="{Schema.org}",
    title="{Person}",
    note={Date Accessed: 27/02/2019},
    howpublished={\url{https://schema.org/Person}}
}

@misc{goLang,
    author="{Margaret Rouse}",
    title="{Go (Programming Language)}",
    note={Date Accessed: 28/02/2019},
    howpublished={\url{https://searchitoperations.techtarget.com/definition/Go-programming-language}}
}

@misc{goObject,
    author="{William Kenny}",
    title="{Object Oriented Programming in Go}",
    note={Date Accessed: 28/02/2019},
    howpublished={\url{https://www.ardanlabs.com/blog/2013/07/object-oriented-programming-in-go.html}}
}

@misc{jsonEditor,
    author="{Jeremy Dorn}",
    title="{JSON Editor}",
    note={Date Accessed: 28/02/2019},
    howpublished={\url{https://github.com/json-editor/json-editor}}
}

@misc{jsonSchemaV4,
    author="{JSON Schema}",
    title="{JSON Schema: interactive and non interactive validation draft-fge-json-schema-validation-00}",
    note={Date Accessed: 01/03/2019},
    howpublished={\url{https://tools.ietf.org/html/draft-fge-json-schema-validation-00}}
}


@misc{jsonSchemaV3,
    author="{JSON Schema}",
    title="{A JSON Media Type for Describing the Structure and Meaning of JSON Documents draft-zyp-json-schema-03}",
    note={Date Accessed: 01/03/2019},
    howpublished={\url{https://tools.ietf.org/pdf/draft-zyp-json-schema-03.pdf}}
}



@misc{jsonSchemaComplex,
    author="{JSON Schema}",
    title="{Structuring a complex schema}",
    note={Date Accessed: 09/04/2019},
    howpublished={\url{https://json-schema.org/understanding-json-schema/structuring.html}}
}

@misc{fileAPI,
    author="{W3C}",
    title="{File API: Writer W3C Working Draft 17 April 2012}",
    note={Date Accessed: 09/04/2019},
    howpublished={\url{https://www.w3.org/TR/2012/WD-file-writer-api-20120417/}}
}

@misc{fileAPISupport,
    author="{Microsoft}",
    title="{EdgeHTML Platform Status}",
    note={Date Accessed: 09/04/2019},
    howpublished={\url{https://developer.microsoft.com/en-us/microsoft-edge/platform/status/filewriter/}}
}








